@misc{gitHubRepo,
   title={PreLaTeX},
   howpublished={\url{https://github.com/EternallyAscend/PreLaTeX}}
}
